<?xml version="1.0" encoding="UTF-8"?><collection xmlns="http://www.loc.gov/MARC21/slim"><record><leader>00535nam--2200169-i-4500</leader><controlfield tag="001">000003223</controlfield><controlfield tag="002">20161230</controlfield><controlfield tag="005">20161230201025</controlfield><controlfield tag="008">060222s1000------------r-----000-0-fre-d</controlfield><datafield ind1=" " ind2=" " tag="040"><subfield code="a">IFIN-HH</subfield></datafield><datafield ind1=" " ind2=" " tag="041"><subfield code="a">fre</subfield></datafield><datafield ind1=" " ind2=" " tag="080"><subfield code="a">537.533.3</subfield></datafield><datafield ind1="1" ind2=" " tag="100"><subfield code="a">Broglie, Louis De</subfield></datafield><datafield ind1="1" ind2="0" tag="245"><subfield code="a">L'optique electronique</subfield><subfield code="b">Reunions d'etudes et de mises au point tenues sous la presidence de</subfield><subfield code="c">Louis de broglie</subfield></datafield><datafield ind1=" " ind2=" " tag="260"><subfield code="a">Paris</subfield><subfield code="b">Editions De La Revue D'Optique Theorique Et Instrumentale</subfield><subfield code="c">1946</subfield></datafield><datafield ind1=" " ind2=" " tag="852"><subfield code="a">917</subfield><subfield code="c">537.533.3</subfield></datafield><datafield ind1=" " ind2=" " tag="CAT"><subfield code="a">Sys</subfield><subfield code="c">20110831</subfield><subfield code="h">084416</subfield></datafield></record></collection>